@book{Lehmann2007,
  title = {Part III: Electronic Devices},
  author = {Martin Lehmann and Roland Hischier},
  institution = {Empa St. Gallen},
  year = {2007},
  version = {2.0}
}

@misc{TP2_ACV_ENSEIRB-MATMECA,
  author = {Annabelle Collin},
  title = {TP2 : ACV du parc informatique de lâ€™ENSEIRB-MATMECA},
  year = {2024},
  note = {Contact actuel au sujet des TP : Adrien Vincent -- adrien.vincent@bordeaux-inp.fr},
}
